
@book{gonzalesWoods:2008,
   title =     {Digital Image Processing},
   author =    {Rafael C. Gonzalez and Richard E. Woods},
   publisher = {Prentice Hall},
   year =      {2008},
   series =    {3rd Edition},
   edition =   {3}
}
   
@book{conciAzevedoLeta:2008,
   title =     {Computação Gráfica: Teoria e
Prática},
   author =    {Aura Conci and Eduardo Azevedo and Fabiana Leta},
   publisher = {Elsevier},
   year =      {2008},
   series =    {2rd Edition},
   edition =   {2}
}
 
@book{pedriniSchwartz:2008,
   title =     {Análise de Imagens Digitais},
   author =    {Hélio Pedrini and Willian Robson Schwartz},
   publisher = {Thomson},
   year =      {2008},
   series =    {1rd Edition},
   edition =   {1}
} 

@book{kaap:2014,
   title =     {The Gamification of Learning and Instruction Fieldbook: Ideas into Practice},
   author =    {K. Kapp},
   publisher = {Wiley},
   year =      {2014},
   series =    {1rd Edition},
   edition =   {1}
} 
 
@article{canny:1986,
  title={A Computational Approach to Edge Detection},
  author={J. Canny},
  journal={EEE Trans. Pattern Analysis and Machine Intelligence},
  volume={8},
  number={1},
  pages={679--714},
  year={1986},
  publisher={IEEE}
}

@article{guilherme:2007,
  title={Uma abordagem de afinamento por aprendizagem através de exemplos},
  author={Guilherme Luis Renato Woiski},
  journal={PUCPR- Brasil. Disponível em:< http://www.ppgia.pucpr.br/teses/DissertacaoPPGIa-LuisRenato-2007.pdf>. Acesso em: 25/03/2018},
  volume={10},
  year={2007}
}

@article{quadros2016gamificaccao,
  title={A gamificação no ensino de línguas online},
  author={Gerson Bruno Forgiarini de Quadros},
  year={2016},
  publisher={Universidade Catolica de Pelotas}
}

@article{dorling2012software,
  title={Software Process Improvement and Capability Determination Communications in Computer and Information Science},
  author={Alec Dorling and Fergal Mccaffery},
  year={2012},
  journal={The Gamification of SPICE}
}

@article{deterding2014gameful,
  title={The Gameful World: Approaches, Issues, Applications},
  author={S. Deterding and S. P. Walz},
  year={2014},
  publisher={Londres: MIT Press}
}

@article{deterding2011game,
  title={From Game Design Elements to Gamefulness: Defining “Gamification”},
  author={S. Deterding and others},
  year={2011},
  journal={Proceedings of the 15th International Academic MindTrek Conference: Envisioning Future Media Environments (MindTrek '11)}
}

@article{bunchball2016gamification,
  title={Winning with Gamification: tips from the expert’s playbook},
  author={Bunchball},
  year={2016},
  journal={Disponível em:< http://go.bunchball.com/rs/906{\-}OKP{\-}425/images/Bunchball{\_}WP{\_}
Winning{\_}With{\_}Gamification{\_}Experts{\_}Playbook{\_}2016.pdf>. Acesso em: 07/04/2018}
}

@article{mossmann2010extraccao,
  title={Extração e análise de características de imagens digitais para construçãoo de um modelo de reconhecimento de padrões},
  author={Sandro Ruidias Mossmann},
  journal={Novo Hamburgo: Universidade Feevale. Trabalho de conclusão de curso de Sistemas de Informação},
  year={2010}
}

@article{ronnau2015,
  title={Segmentação automática de órgãos em imagens de tomografia computadorizada do tórax},
  author={Rodrigo F Ronnau},
  journal={Novo Hamburgo: Universidade Feevale. Trabalho de conclusão de curso de Ciência da Computação},
  year={2015}
}

@article{fardo2013gamificaccao,
  title={A gamificação aplicada em ambientes de aprendizagem},
  author={Marcelo Luis Fardo},
  journal={RENOTE},
  volume={11},
  number={1},
  year={2013}
}

@book{mcgonigal2011reality,
  title={Reality is broken: Why games make us better and how they can change the world},
  author={Jane McGonigal},
  year={2011},
  publisher={Penguin}
}

@article{holt1987improved,
  title={An improved parallel thinning algorithm},
  author={Christopher M Holt and Alan Stewart and Maurice Clint and Ronald H Perrott},
  journal={Communications of the ACM},
  volume={30},
  number={2},
  pages={156--160},
  year={1987},
  publisher={ACM}
}

@article{kirsch1971computer,
  title={Computer determination of the constituent structure of biological images},
  author={Russell A Kirsch},
  journal={Computers and biomedical research},
  volume={4},
  number={3},
  pages={315--328},
  year={1971},
  publisher={Elsevier}
}

@article{marr1980theory,
  title={Theory of edge detection},
  author={David Marr and Ellen Hildreth},
  journal={Proc. R. Soc. Lond. B},
  volume={207},
  number={1167},
  pages={187--217},
  year={1980},
  publisher={The Royal Society}
}

@article{zhang1984fast,
  title={A fast parallel algorithm for thinning digital patterns},
  author={TY Zhang and Ching Y. Suen},
  journal={Communications of the ACM},
  volume={27},
  number={3},
  pages={236--239},
  year={1984},
  publisher={ACM}
}

@article{de2013classroom,
  title={Classroom Live: a software-assisted gamification tool},
  author={Adrian A De Freitas and Michelle M de Freitas},
  journal={Computer Science Education},
  volume={23},
  number={2},
  pages={186--206},
  year={2013},
  publisher={Taylor \& Francis}
}

@article{reisferramenta,
  title={Ferramenta para Extração de Múltiplas Características em Exames Médicos por Imagem},
  author={Adriana N Reis and Rodrigo F Ronnau and Nicolas Pohren and Jonata Becker and Anderson R Spaniol and Marta R Bez and Rodrigo RV Goulart},
  year={2018},
  journal={XXXVII Congresso da Sociedade Brasileira de Computação}
}


@article{busarello2016gamificaccao,
  title={Gamificação em histórias em quadrinhos hipermídia},
  author={Raul Inácio Busarello},
  year={2016}
}

@manualorganization{spl,
  title = {Software Product Lines},
  author = {SEI},
  organization = {Software Engineer Institute},
  year = 2017,
  address = {disponível em: \url{http://www.sei.cmu.edu/productlines/}},
  note = "Acessado em 25/09/2017"
}

@manualorganization{visnode,
  title = {VISNode},
  author = {VISNode},
  year = 2018,
  address = {disponível em: \url{https://github.com/VISNode/VISNode}},
  note = "Acessado em 22/04/2018"
}

@article{kass:1988,
  title={Snakes: Active contour models},
  author={Michael Kass and Andrew Witkin and Demetri Terzopoulos},
  journal={International journal of computer vision},
  volume={1},
  number={4},
  pages={321--331},
  year={1988},
  publisher={Springer}
}

@article{cazorla2015javavis,
  title={JavaVis: An integrated computer vision library for teaching computer vision},
  author={Cazorla, Miguel and Viejo, Diego},
  journal={Computer Applications in Engineering Education},
  volume={23},
  number={2},
  pages={258--267},
  year={2015},
  publisher={Wiley Online Library}
}

@article{dai2015advances,
  title={Advances in feature selection methods for hyperspectral image processing in food industry applications: a review},
  author={Dai, Qiong and Cheng, Jun-Hu and Sun, Da-Wen and Zeng, Xin-An},
  journal={Critical reviews in food science and nutrition},
  volume={55},
  number={10},
  pages={1368--1382},
  year={2015},
  publisher={Taylor \& Francis}
}

@article{garcia2015colfdimap,
  title={CoLFDImaP: A web-based tool for teaching of FPGA-based digital image processing in undergraduate courses},
  author={Garcia, I and Guzm{\'a}n-Ram{\'\i}rez, Enrique and Pacheco, C},
  journal={Computer Applications in Engineering Education},
  volume={23},
  number={1},
  pages={92--108},
  year={2015},
  publisher={Wiley Online Library}
}

@article{grice20153d,
  title={3D Printing Technology: A Unique Way of Making Hubble Space Telescope Images Accessible to Non-Visual Learners.},
  author={Grice, Noreen and Christian, Carol and Nota, Antonella and Greenfield, Perry},
  journal={Journal of Blindness Innovation \& Research},
  volume={5},
  number={1},
  year={2015}
}

@article{hardy2017advanced,
  title={Advanced digital image analysis method dedicated to the characterization of the morphology of filamentous fungus},
  author={Hardy, Nicolas and Moreaud, Maxime and Guillaume, Denis and Augier, Fr{\'e}d{\'e}ric and Nienow, A and B{\'e}al, Catherine and Ben Chaabane, F},
  journal={Journal of microscopy},
  volume={266},
  number={2},
  pages={126--140},
  year={2017},
  publisher={Wiley Online Library}
}

@article{henderson2017works,
  title={What works and why? Student perceptions of ‘useful’digital technology in university teaching and learning},
  author={Henderson, Michael and Selwyn, Neil and Aston, Rachel},
  journal={Studies in Higher Education},
  volume={42},
  number={8},
  pages={1567--1579},
  year={2017},
  publisher={Routledge}
}

@article{lopez2016teaching,
  title={Teaching image processing in engineering using python},
  author={L{\'o}pez, Andr{\'e}s Fernando Jim{\'e}nez and Pelayo, Marla Carolina Prieto and Forero, {\'A}ngela Ram{\'\i}rez},
  journal={IEEE Revista Iberoamericana de Tecnologias del Aprendizaje},
  volume={11},
  number={3},
  pages={129--136},
  year={2016},
  publisher={IEEE}
}

@article{pulli2012realtime,
  title={Realtime computer vision with OpenCV},
  author={Pulli, Kari and Baksheev, Anatoly and Kornyakov, Kirill and Eruhimov, Victor},
  journal={Queue},
  volume={10},
  number={4},
  pages={40},
  year={2012},
  publisher={ACM}
}


@article{mendoza2016development,
  title={Development of Smart Farm Security System with Alarm Mechanism Using Image Processing},
  author={Mendoza, RK and Malijan, BJ and Caldo, Rionel B},
  journal={Lpu-Laguna Journal of EngineeringandComputerStudies., Vol3},
  pages={73--84},
  year={2016}
}

@book{prodanov2013metodologia,
  title={Metodologia do Trabalho Cient{\'\i}fico: M{\'e}todos e T{\'e}cnicas da Pesquisa e do Trabalho Acad{\^e}mico-2{\textordfeminine} Edi{\c{c}}{\~a}o},
  author={Prodanov, Cleber Cristiano and de Freitas, Ernani Cesar},
  year={2013},
  publisher={Editora Feevale}
}

@inproceedings{radlak2015adaptive,
  title={Adaptive Vision Studio—Educational tool for image processing learning},
  author={Radlak, Krystian and Frackiewicz, Mariusz and Szczepanski, Marek and Kawulok, Michal and Czardybon, Michal},
  booktitle={Frontiers in Education Conference (FIE), 2015 IEEE},
  pages={1--8},
  year={2015},
  organization={IEEE}
}

@article{zin2015transforming,
  title={Transforming Teaching and Learning Approach of Mathematics and Image Processing},
  author={Zin, Zalhan Mohd and Salleh, Tuan Salwani and Bakri, Norhayati},
  journal={Journal of Science and Engineering Technology JSET},
  volume={2},
  number={2},
  year={2015}
}

